@article{article,
  author    = "",
  title     = "",
  journal   = "",
  %volume    = "",
  %number    = "",
  %pages     = "",
  year      = "XXXX",
  %month     = "",
  %note      = "",
}

@book{book,
  author    = "",
  title     = "",
  publisher = "",
  %volume    = "",
  %number    = "",
  %series    = "",
  %address   = "",
  %edition   = "",
  year      = "XXXX",
  %month     = "",
  %note      = "",
}

@booklet{booklet,
  %author        = "",
  title         = "",
  %howpublished  = "",
  %address       = "",
  %year          = "XXXX",
  %month         = "",
  %note          = "",
}

@conference{conference,
  author     = "",
  title      = "",
  booktitle  = "",
  %editor     = "",
  %volume     = "",
  %number     = "",
  %series     = "",
  %pages      = "",
  %address    = "",
  year       = "XXXX",
  %month      = "",
  %publisher  = "",
  %note       = "",
}

@inbook{inbook,
  author    = "",
  editor    = "",
  title     = "",
  chapter   = "",
  pages     = "",
  publisher = "",
  %volume    = "",
  %number    = "",
  %series    = "",
  %type      = "",
  %address   = "",
  %edition   = "",
  year      = "XXXX",
  %month     = "",
  %note      = "",
}

@incollection{incollection,
  author    = "",
  title     = "",
  booktitle = "",
  publisher = "",
  %editor    = "",
  %volume    = "",
  %number    = "",
  %series    = "",
  %type      = "",
  %chapter   = "",
  %pages     = "",
  %address   = "",
  %edition   = "",
  year      = "",
  %month     = "",
  %note      = "",
}

@inproceedings{inproceedings,
  author        = "",
  title         = "",
  booktitle     = "",
  %editor        = "",
  %volume        = "",
  %number        = "",
  %series        = "",
  %pages         = "",
  %address       = "",
  %organization  = "",
  %publisher     = "",
  year          = "XXXX",
  %month         = "",
  %note          = "",
}

@manual{manual,
  title         = "",
  %author        = "",
  %organization  = "",
  %address       = "",
  %edition       = "",
  year          = "XXXX",
  %month         = "",
  %note          = "",
}

@mastersthesis{mastersthesis,
  author    = "",
  title     = "",
  school    = "",
  %type      = "",
  %address   = "",
  year      = "XXXX",
  %month     = "",
  %note      = "",
}

@misc{misc,
  %author       = "",
  %title        = "",
  %howpublished = "",
  %year         = "XXXX",
  %month        = "",
  %note         = "",
  %url          = "",
}

@phdthesis{phdthesis,
  author    = "",
  title     = "",
  school    = "",
  %address   = "",
  year      = "XXXX",
  %month     = "",
  %keywords  = "",
  %note      = "",
}

@proceedings{proceedings,
  title         = "",
  %editor        = "",
  %volume        = "",
  %number        = "",
  %series        = "",
  %address       = "",
  %organization  = "",
  %publisher     = "",
  year          = "XXXX",
  %month         = "",
  %note          = "",
}

@techreport{techreport,
  author      = "",
  title       = "",
  institution = "",
  %type        = "", 
  %number      = "",
  %address     = "",
  year        = "XXXX",
  %month       = "",
  %note        = "",
}

@unpublished{unpublished,
  author = "",
  title  = "",
  %year   = "",
  %month  = "",
  note   = "",
}
